@online{githubbase,
    title={ukoethe/bomberman_rl GitHub repository},
    url={https://github.com/ukoethe/bomberman_rl},
    note={Accessed on 2023-09-20}
}
@online{githubown,
    title={Nightara/Bomberman GitHub repository},
    url={https://github.com/Nightara/Bomberman},
    note={Accessed on 2023-09-20}
}
